<?xml version="1.0" encoding="UTF-8"?>
<collection xmlns:xsi="http://www.w3.org/2001/XMLSchema-instance" xsi:schemaLocation="http://www.loc.gov/MARC21/slim http://www.loc.gov/standards/marcxml/schema/MARC21slim.xsd" xmlns="http://www.loc.gov/MARC21/slim">
<record>
  <leader>01313cam a2200277Mi 4500</leader>
  <controlfield tag="001">3127403</controlfield>
  <controlfield tag="003">NNC</controlfield>
  <controlfield tag="005">20130426134827.0</controlfield>
  <controlfield tag="008">930706s1875    ua            000 0 ara d</controlfield>
  <datafield tag="035" ind1=" " ind2=" ">
    <subfield code="a">(OCoLC)ocm29297733</subfield>
  </datafield>
  <datafield tag="035" ind1=" " ind2=" ">
    <subfield code="9">ATW1150CU</subfield>
  </datafield>
  <datafield tag="035" ind1=" " ind2=" ">
    <subfield code="a">(NNC)3127403</subfield>
  </datafield>
  <datafield tag="040" ind1=" " ind2=" ">
    <subfield code="a">HLS</subfield>
    <subfield code="c">HLS</subfield>
    <subfield code="d">OCL</subfield>
    <subfield code="d">ZCU</subfield>
  </datafield>
  <datafield tag="099" ind1=" " ind2=" ">
    <subfield code="a">893.799</subfield>
    <subfield code="a">R18</subfield>
  </datafield>
  <datafield tag="100" ind1="1" ind2=" ">
    <subfield code="a">Maghribī, Aḥmad ibn ʻAbd al-Razzāq,</subfield>
    <subfield code="d">-1684 or 1685.</subfield>
  </datafield>
  <datafield tag="240" ind1="1" ind2="0">
    <subfield code="a">Ḥāshiyah ʻalá Sharḥ Shams al-Dīn al-Ramlī lil-Minhāj</subfield>
  </datafield>
  <datafield tag="245" ind1="1" ind2="0">
    <subfield code="a">Ḥāshiyat al-ʻAllāmah al-Farīd wa-al-Fahhāmah al-Waḥīd al-Shihāb al-Rashīdī al-Shafiʻī ʻalá Sharḥ al-Imām al-Mujtahid Shams al-Dīn al-Ramlī lil-Minhāj.</subfield>
  </datafield>
  <datafield tag="260" ind1=" " ind2=" ">
    <subfield code="a">Miṣr :</subfield>
    <subfield code="b">al-Maṭbaʻah al-ʻĀmirah,</subfield>
    <subfield code="c">1292 [1875]</subfield>
  </datafield>
  <datafield tag="300" ind1=" " ind2=" ">
    <subfield code="a">2 v. in 1 ;</subfield>
    <subfield code="c">28 cm.</subfield>
  </datafield>
  <datafield tag="600" ind1="1" ind2="0">
    <subfield code="a">Ramlī, Muḥammad ibn Aḥmad,</subfield>
    <subfield code="d">1513-1596.</subfield>
    <subfield code="t">Nihāyat al-muḥtāj ilá sharḥ al-Minhāj.</subfield>
  </datafield>
  <datafield tag="600" ind1="1" ind2="0">
    <subfield code="a">Shabrāmallisī, ʻAlī ibn ʻAlī,</subfield>
    <subfield code="d">1588 or 1589-1676 or 1677.</subfield>
    <subfield code="t">Ḥāshiyah ʻalá sharḥ al-Minhāj.</subfield>
  </datafield>
  <datafield tag="650" ind1=" " ind2="0">
    <subfield code="a">Shafiites</subfield>
    <subfield code="v">Early works to 1800.</subfield>
  </datafield>
  <datafield tag="650" ind1=" " ind2="0">
    <subfield code="a">Islamic law</subfield>
    <subfield code="v">Early works to 1800.</subfield>
  </datafield>
  <datafield tag="700" ind1="1" ind2="2">
    <subfield code="a">Ramlī, Muḥammad ibn Aḥmad,</subfield>
    <subfield code="d">1513-1596.</subfield>
    <subfield code="t">Nihāyat al-muḥtāj ilá sharḥ al-Minhāj.</subfield>
  </datafield>
  <datafield tag="740" ind1="0" ind2="1">
    <subfield code="a">Nihāyat al-muḥtāj ilá sharḥ al-Minhāj.</subfield>
  </datafield>
  <datafield tag="955" ind1=" " ind2=" ">
    <subfield code="b">CU58931112</subfield>
    <subfield code="d">off,glx</subfield>
    <subfield code="e">893.799 R18</subfield>
  </datafield>
</record>
</collection>